@inproceedings{kuhi2018ensuring,
  title={Ensuring performance measurement integrity in logistics using blockchain},
  author={Kuhi, Kristjan and Kaare, Kati and Koppel, Ott},
  booktitle={2018 IEEE International Conference on Service Operations and Logistics, and Informatics (SOLI)},
  pages={256--261},
  year={2018},
  organization={IEEE}
}
@ARTICLE{maesa2019bow,
  title={The bow tie structure of the Bitcoin users graph},
  author={Maesa, Damiano Di Francesco and Marino, Andrea and Ricci, Laura},
  journal={Applied Network Science},
  volume={4},
  number={1},
  pages={56},
  year={2019},
  publisher={Springer}
}
@article{WANG201943,
title = "Cryptographic primitives in blockchains",
journal = "Journal of Network and Computer Applications",
volume = "127",
pages = "43 - 58",
year = "2019",
author = "Licheng Wang and Xiaoying Shen and Jing Li and Jun Shao and Yixian Yang",
keywords = "Blockchain, Hash function, Accumulator, Commitment, Zero-knowledge proofs",
abstract = "Blockchain, as one of the crypto-intensive creatures, has become a very hot topic recently. Although many surveys have recently been dedicated to the security and privacy issues of blockchains, there still lacks a systematic examination on the cryptographic primitives in blockchains. To this end, we in this paper conduct a systematic study on the cryptographic primitives in blockchains by comprehensive analysis on top-30 mainstream cryptocurrencies, in terms of the usages, functionalities, and evolutions of these primitives. We hope that it would be helpful for cryptographers who are going to devote themselves to the blockchain research, and the financial engineers/managers who want to evaluate cryptographic solutions for blockchain-based projects."
}
@article{FENG201945,
title = "A survey on privacy protection in blockchain system",
journal = "Journal of Network and Computer Applications",
volume = "126",
pages = "45 - 58",
year = "2019",
author = "Qi Feng and Debiao He and Sherali Zeadally and Muhammad Khurram Khan and Neeraj Kumar",
keywords = "Privacy, Anonymity, Blockchain, Cryptography, Cryptocurrency",
abstract = "Blockchain, as a decentralized and distributed public ledger technology in peer-to-peer network, has received considerable attention recently. It applies a linked block structure to verify and store data, and applies the trusted consensus mechanism to synchronize changes in data, which makes it possible to create a tamper-proof digital platform for storing and sharing data. It is believed that blockchain can be utilized in diverse Internet interactive systems (e.g., Internet of Things, supply chain systems, identity management, and so on). However, there are some privacy challenges that may hinder the applications of blockchain. The goal of this survey is to provide some insights into the privacy issues associated with blockchain. We analyze the privacy threats in blockchain and discuss existing cryptographic defense mechanisms, i.e., anonymity and transaction privacy preservation. Furthermore, we summarize some typical implementations of privacy preservation mechanisms in blockchain and explore future research challenges that still need to be addressed in order to preserve privacy when blockchain is used."
}
@article{AGGARWAL201913,
title = "Blockchain for smart communities: Applications, challenges and opportunities",
journal = "Journal of Network and Computer Applications",
volume = "144",
pages = "13 - 48",
year = "2019",
author = "Shubhani Aggarwal and Rajat Chaudhary and Gagangeet Singh Aujla and Neeraj Kumar and Kim-Kwang Raymond Choo and Albert Y. Zomaya",
keywords = "Blockchain, Communication infrastructure, Consensus mechanism, Distributed applications, Process models, Smart communities",
abstract = "Since the success of Bitcoin, there have been increased focus of studying the application of blockchain in a broad range of applications, such as in solutions facilitating identity privacy and transaction security using a decentralized architecture via different consensus mechanisms (e.g. proof-of-work) between different geo-located IoT devices/nodes in our increasingly digitalized society (e.g. smart city). In this paper, we survey the usage of blockchain technology for smart communities, focusing on key components of the blockchain applications. We also study the various process models used in the execution of secure transactions. Specifically, we present a detailed taxonomy on the applications, process models used, and communication infrastructure support needed to execute various applications."
}
@article{GHOSH2020102635,
title = "Security of Cryptocurrencies in blockchain technology: State-of-art, challenges and future prospects",
journal = "Journal of Network and Computer Applications",
volume = "163",
pages = "102635",
year = "2020",
author = "Arunima Ghosh and Shashank Gupta and Amit Dua and Neeraj Kumar"
}
@ARTICLE{maesa2018data,
  title={Data-driven analysis of Bitcoin properties: exploiting the users graph},
  author={Maesa, Damiano Di Francesco and Marino, Andrea and Ricci, Laura},
  journal={International Journal of Data Science and Analytics},
  volume={6},
  number={1},
  pages={63--80},
  year={2018},
  publisher={Springer}
}
@INPROCEEDINGS{10.1145/2939672.2939785,
author = {Chen, Tianqi and Guestrin, Carlos},
title = {XGBoost: A Scalable Tree Boosting System},
year = {2016},
isbn = {9781450342322},
publisher = {Association for Computing Machinery},
address = {New York, NY, USA},
booktitle = {Proceedings of the 22nd ACM SIGKDD International Conference on Knowledge Discovery and Data Mining},
pages = {785â€“794}
}
@article{gillespie2014fitting,
  title={Fitting heavy tailed distributions: the poweRlaw package},
  author={Gillespie, Colin S},
  journal={arXiv preprint arXiv:1407.3492},
  year={2014}
}
@misc{janda2016walletexplorer,
  title={WalletExplorer. com: Smart Bicoin Block Explorer},
  author={Janda, A},
  year={2016}
}
@book{jackson2010social,
  title={Social and economic networks},
  author={Jackson, Matthew O},
  year={2010},
  publisher={Princeton university press}
}

@INPROCEEDINGS{maesa2018graph,
  title={The graph structure of bitcoin},
  author={Maesa, Damiano Di Francesco and Marino, Andrea and Ricci, Laura},
  booktitle={International Conference on Complex Networks and their Applications},
  pages={547--558},
  year={2018},
  organization={Springer}
}
@INPROCEEDINGS{maesa2016uncovering,
  title={Uncovering the bitcoin blockchain: an analysis of the full users graph},
  author={Maesa, Damiano Di Francesco and Marino, Andrea and Ricci, Laura},
  booktitle={2016 IEEE International Conference on Data Science and Advanced Analytics (DSAA)},
  pages={537--546},
  year={2016},
  organization={IEEE}
}



@ARTICLE{nerurkar2019understanding,
  title={Understanding structure and behavior of systems: a network perspective},
  author={Nerurkar, Pranav and Chandane, Madhav and Bhirud, Sunil},
  journal={International Journal of Information Technology},
  pages={1--15},
  year={2019},
  publisher={Springer}
}
@ARTICLE{nerurkar2019empirical,
  title={Empirical analysis of synthetic and real networks},
  author={Nerurkar, Pranav and Chandane, Madhav and Bhirud, Sunil},
  journal={International Journal of Information Technology},
  pages={1--13},
  year={2019},
  publisher={Springer}
}
@ARTICLE{ppr9:8,
  title={Preferential attachment mechanism of complex network growth:" rich-gets-richer" or" fit-gets-richer"?},
  author={Golosovsky, Michael},
  journal={arXiv preprint arXiv:1802.09786},
  year={2018}
}
@ARTICLE{newman2003structure,
  title={The structure and function of complex networks},
  author={Newman, Mark EJ},
  journal={SIAM review},
  volume={45},
  number={2},
  pages={167--256},
  year={2003},
  publisher={SIAM}
}
@MISC{ppr9:23,
  author       = {Jure Leskovec and Andrej Krevl},
  title        = {{SNAP Datasets}: {Stanford} Large Network Dataset Collection},
  howpublished = {\url{http://snap.stanford.edu/data}},
  month        = jun,
  year         = 2014
} 
@ARTICLE{malliaros2020core,
  title={The core decomposition of networks: theory, algorithms and applications},
  author={Malliaros, Fragkiskos D and Giatsidis, Christos and Papadopoulos, Apostolos N and Vazirgiannis, Michalis},
  journal={The VLDB Journal},
  volume={29},
  number={1},
  pages={61--92},
  year={2020},
  publisher={Springer}
}
@ARTICLE{csardi2006igraph,
  title={The igraph software package for complex network research},
  author={Csardi, Gabor and Nepusz, Tamas and others},
  journal={InterJournal, complex systems},
  volume={1695},
  number={5},
  pages={1--9},
  year={2006}
}
@ARTICLE{barabasi2013network,
  title={Network science},
  author={Barab{\'a}si, Albert-L{\'a}szl{\'o}},
  journal={Philosophical Transactions of the Royal Society A: Mathematical, Physical and Engineering Sciences},
  volume={371},
  number={1987},
  pages={20120375},
  year={2013},
  publisher={The Royal Society Publishing}
}
  @BOOK{ppr10:11,
  title={Social and economic networks},
  author={Jackson MO},
  year={2010},
  publisher={Princeton university press}
}
@ARTICLE{ppr9:22,
  title={Community detection in networks: A user guide},
  author={Fortunato, Santo and Hric, Darko},
  journal={Physics Reports},
  volume={659},
  pages={1--44},
  year={2016},
  publisher={Elsevier}
}
@inproceedings{fabio,
author = {Aiolli, Fabio and Conti, Mauro and Gangwal, Ankit and Polato, Mirko},
year = {2019},
month = {04},
pages = {},
title = {Mind Your Wallet's Privacy: Identifying Bitcoin Wallet Apps and User's Actions through Network Traffic Analysis.},
doi = {10.1145/3297280.3297430}
}
@ARTICLE{ferretti2019ethereum,
  title={On the Ethereum blockchain structure: A complex networks theory perspective},
  author={Ferretti, Stefano and D'Angelo, Gabriele},
  journal={Concurrency and Computation: Practice and Experience},
  pages={e5493},
  year={2019},
  publisher={Wiley Online Library}
}
@ARTICLE{amaral2000classes,
  title={Classes of small-world networks},
  author={Amaral, Lu{\i}s A Nunes and Scala, Antonio and Barthelemy, Marc and Stanley, H Eugene},
  journal={Proceedings of the national academy of sciences},
  volume={97},
  number={21},
  pages={11149--11152},
  year={2000},
  publisher={National Acad Sciences}
}
@ARTICLE{bohme2015bitcoin,
  title={Bitcoin: Economics, technology, and governance},
  author={B{\"o}hme, Rainer and Christin, Nicolas and Edelman, Benjamin and Moore, Tyler},
  journal={Journal of economic Perspectives},
  volume={29},
  number={2},
  pages={213--38},
  year={2015}
}
@ARTICLE{lee2019measurements,
  title={Measurements, analyses, and insights on the entire ethereum blockchain network},
  author={Lee, Xi Tong and Khan, Arijit and Gupta, Sourav Sen and Ong, Yu Hann and Liu, Xuan},
  year={2019}
}
@ARTICLE{li2019dissecting,
  title={Dissecting Ethereum Blockchain Analytics: What We Learn from Topology and Geometry of Ethereum Graph},
  author={Li, Yitao and Islambekov, Umar and Akcora, Cuneyt and Smirnova, Ekaterina and Gel, Yulia R and Kantarcioglu, Murat},
  journal={arXiv preprint arXiv:1912.10105},
  year={2019}
}
@misc{akcora2019bitcoinheist,
    title={BitcoinHeist: Topological Data Analysis for Ransomware Detection on the Bitcoin Blockchain},
    author={Cuneyt Gurcan Akcora and Yitao Li and Yulia R. Gel and Murat Kantarcioglu},
    year={2019},
    eprint={1906.07852},
    archivePrefix={arXiv},
    primaryClass={cs.CR}
}
@INPROCEEDINGS{sun2019ethereum,
  title={Ethereum Analysis via Node Clustering},
  author={Sun, Hanyi and Ruan, Na and Liu, Hanqing},
  booktitle={International Conference on Network and System Security},
  pages={114--129},
  year={2019},
  organization={Springer}
}
@ARTICLE{rahouti2018bitcoin,
  title={Bitcoin concepts, threats, and machine-learning security solutions},
  author={Rahouti, Mohamed and Xiong, Kaiqi and Ghani, Nasir},
  journal={IEEE Access},
  volume={6},
  pages={67189--67205},
  year={2018},
  publisher={IEEE}
}
@ARTICLE{alqassem2018anti,
  title={The anti-social system properties: Bitcoin network data analysis},
  author={Alqassem, Israa and Rahwan, Iyad and Svetinovic, Davor},
  journal={IEEE Transactions on Systems, Man, and Cybernetics: Systems},
  year={2018},
  publisher={IEEE}
}
@ARTICLE{chang2018improving,
  title={Improving bitcoin ownership identification using transaction patterns analysis},
  author={Chang, Tao-Hung and Svetinovic, Davor},
  journal={IEEE Transactions on Systems, Man, and Cybernetics: Systems},
  year={2018},
  publisher={IEEE}
}
@ARTICLE{saad2019toward,
  title={Toward Characterizing Blockchain-Based Cryptocurrencies for Highly Accurate Predictions},
  author={Saad, Muhammad and Choi, Jinchun and Nyang, DaeHun and Kim, Joongheon and Mohaisen, Aziz},
  journal={IEEE Systems Journal},
  year={2019},
  publisher={IEEE}
}
@ARTICLE{yuan2018blockchain,
  title={Blockchain and cryptocurrencies: Model, techniques, and applications},
  author={Yuan, Yong and Wang, Fei-Yue},
  journal={IEEE Transactions on Systems, Man, and Cybernetics: Systems},
  volume={48},
  number={9},
  pages={1421--1428},
  year={2018},
  publisher={IEEE}
}

@ARTICLE{monrat2019survey,
  title={A survey of blockchain from the perspectives of applications, challenges, and opportunities},
  author={Monrat, Ahmed Afif and Schel{\'e}n, Olov and Andersson, Karl},
  journal={IEEE Access},
  volume={7},
  pages={117134--117151},
  year={2019},
  publisher={IEEE}
}
@inproceedings{Portnoff2017BackpageAB,
  title={Backpage and Bitcoin: Uncovering Human Traffickers},
  author={Rebecca S. Portnoff and Danny Yuxing Huang and Periwinkle Doerfler and Sadia Afroz and Damon McCoy},
  booktitle={KDD '17},
  year={2017}
}
@ARTICLE{pinna2018petri,
  title={A petri nets model for blockchain analysis},
  author={Pinna, Andrea and Tonelli, Roberto and Orr{\'u}, Matteo and Marchesi, Michele},
  journal={The Computer Journal},
  volume={61},
  number={9},
  pages={1374--1388},
  year={2018},
  publisher={Oxford University Press}
}

@TECHREPORT{nakamoto2019bitcoin,
  title={Bitcoin: A peer-to-peer electronic cash system},
  author={Nakamoto, Satoshi},
  year={2019},
  institution={Manubot}
}
@ARTICLE{toyoda2019novel,
  title={A Novel Methodology for HYIP Operatorsâ€™ Bitcoin Addresses Identification},
  author={Toyoda, Kentaroh and Mathiopoulos, P Takis and Ohtsuki, Tomoaki},
  journal={IEEE Access},
  volume={7},
  pages={74835--74848},
  year={2019},
  publisher={IEEE}
}
@ARTICLE{reyes2019method,
  title={A Method for Blockchain Transactions Analysis},
  author={Reyes-Macedo, V{\'\i}ctor Gabriel and Salinas-Rosales, Mois{\'e}s and Garcia, Gina Gallegos},
  journal={IEEE Latin America Transactions},
  volume={17},
  number={07},
  pages={1080--1087},
  year={2019},
  publisher={IEEE}
}

@ARTICLE{tschorsch2016bitcoin,
  title={Bitcoin and beyond: A technical survey on decentralized digital currencies},
  author={Tschorsch, Florian and Scheuermann, Bj{\"o}rn},
  journal={IEEE Communications Surveys \& Tutorials},
  volume={18},
  number={3},
  pages={2084--2123},
  year={2016},
  publisher={IEEE}
}
@ARTICLE{park2019nodes,
  title={Nodes in the bitcoin network: comparative measurement study and survey},
  author={Park, Sehyun and Im, Seongwon and Seol, Youhwan and Paek, Jeongyeup},
  journal={IEEE Access},
  volume={7},
  pages={57009--57022},
  year={2019},
  publisher={IEEE}
}
@BOOK{barabasi2016network,
  title={Network science},
  author={Barab{\'a}si, Albert-L{\'a}szl{\'o} and others},
  year={2016},
  publisher={Cambridge university press}
}

%%%%%%%%%%%%%%%%%%%%%%%%%%%%ML
@article{conti2018survey,
  title={A survey on security and privacy issues of bitcoin},
  author={Conti, Mauro and Kumar, E Sandeep and Lal, Chhagan and Ruj, Sushmita},
  journal={IEEE Communications Surveys \& Tutorials},
  volume={20},
  number={4},
  pages={3416--3452},
  year={2018},
  publisher={IEEE}
}
@inproceedings{ermilov2017automatic,
  title={Automatic bitcoin address clustering},
  author={Ermilov, Dmitry and Panov, Maxim and Yanovich, Yury},
  booktitle={2017 16th IEEE International Conference on Machine Learning and Applications (ICMLA)},
  pages={461--466},
  year={2017},
  organization={IEEE}
}


%%%%%%%%%%%%%%%%%%%%%%%%%
%ML for price pred
@inproceedings{mcnally2018predicting,
  title={Predicting the price of bitcoin using machine learning},
  author={McNally, Sean and Roche, Jason and Caton, Simon},
  booktitle={2018 26th Euromicro International Conference on Parallel, Distributed and Network-based Processing (PDP)},
  pages={339--343},
  year={2018},
  organization={IEEE}
}
@article{madan2015automated,
  title={Automated bitcoin trading via machine learning algorithms},
  author={Madan, Isaac and Saluja, Shaurya and Zhao, Aojia},
  journal={URL: http://cs229. stanford. edu/proj2014/Isaac\% 20Madan},
  volume={20},
  year={2015}
}
@phdthesis{mcnally2016predicting,
  title={Predicting the price of Bitcoin using Machine Learning},
  author={McNally, Sean},
  year={2016},
  school={Dublin, National College of Ireland}
}
@inproceedings{velankar2018bitcoin,
  title={Bitcoin price prediction using machine learning},
  author={Velankar, Siddhi and Valecha, Sakshi and Maji, Shreya},
  booktitle={2018 20th International Conference on Advanced Communication Technology (ICACT)},
  pages={144--147},
  year={2018},
  organization={IEEE}
}

@article{greaves2015using,
  title={Using the bitcoin transaction graph to predict the price of bitcoin},
  author={Greaves, Alex and Au, Benjamin},
  journal={No Data},
  year={2015}
}


%%%%%%%%%%%%%%%5
@inproceedings{harlev2018breaking,
  title={Breaking bad: De-anonymising entity types on the bitcoin blockchain using supervised machine learning},
  author={Harlev, Mikkel Alexander and Sun Yin, Haohua and Langenheldt, Klaus Christian and Mukkamala, Raghava and Vatrapu, Ravi},
  booktitle={Proceedings of the 51st Hawaii International Conference on System Sciences},
  year={2018}
}
@article{sun2019regulating,
  title={Regulating cryptocurrencies: a supervised machine learning approach to de-anonymizing the bitcoin blockchain},
  author={Sun Yin, Hao Hua and Langenheldt, Klaus and Harlev, Mikkel and Mukkamala, Raghava Rao and Vatrapu, Ravi},
  journal={Journal of Management Information Systems},
  volume={36},
  number={1},
  pages={37--73},
  year={2019},
  publisher={Taylor \& Francis}
}
 @misc{szabo_1970, title={Bit gold}, url={https://unenumerated.blogspot.com/2005/12/bit-gold.html}, journal={Bit gold}, author={Szabo, Nick}, year={1970}, month={Jan}}
@inproceedings{yin2017first,
  title={A first estimation of the proportion of cybercriminal entities in the bitcoin ecosystem using supervised machine learning},
  author={Yin, Haohua Sun and Vatrapu, Ravi},
  booktitle={2017 IEEE International Conference on Big Data (Big Data)},
  pages={3690--3699},
  year={2017},
  organization={IEEE}
}
@INPROCEEDINGS{ashley,  author={S. {Phetsouvanh} and F. {Oggier} and A. {Datta}},  booktitle={2018 IEEE International Conference on Data Mining Workshops (ICDMW)},  title={EGRET: Extortion Graph Exploration Techniques in the Bitcoin Network},   year={2018},  volume={},  number={},  pages={244-251},}
@article{pham2016anomaly,
  title={Anomaly detection in bitcoin network using unsupervised learning methods},
  author={Pham, Thai and Lee, Steven},
  journal={arXiv preprint arXiv:1611.03941},
  year={2016}
}
@article{irwin2018illicit,
  title={Illicit Bitcoin transactions: challenges in getting to the who, what, when and where},
  author={Irwin, Angela SM and Turner, Adam B},
  journal={Journal of money laundering control},
  year={2018},
  publisher={Emerald Publishing Limited}
}
@article{turner2018bitcoin,
  title={Bitcoin transactions: a digital discovery of illicit activity on the blockchain},
  author={Turner, Adam and Irwin, Angela Samantha Maitland},
  journal={Journal of Financial Crime},
  year={2018},
  publisher={Emerald Publishing Limited}
}
@inproceedings{monamo2016multifaceted,
  title={A multifaceted approach to bitcoin fraud detection: Global and local outliers},
  author={Monamo, Patrick M and Marivate, Vukosi and Twala, Bhesipho},
  booktitle={2016 15th IEEE International Conference on Machine Learning and Applications (ICMLA)},
  pages={188--194},
  year={2016},
  organization={IEEE}
}
@inproceedings{zola2019cascading,
  title={Cascading Machine Learning to Attack Bitcoin Anonymity},
  author={Zola, Francesco and Eguimendia, Maria and Bruse, Jan Lukas and Urrutia, Raul Orduna},
  booktitle={2019 IEEE International Conference on Blockchain (Blockchain)},
  pages={10--17},
  year={2019},
  organization={IEEE}
}
@misc{bohannon2016bitcoin,
  title={The bitcoin busts},
  author={Bohannon, John},
  year={2016},
  publisher={American Association for the Advancement of Science}
}
@inproceedings{monamo2016unsupervised,
  title={Unsupervised learning for robust Bitcoin fraud detection},
  author={Monamo, Patrick and Marivate, Vukosi and Twala, Bheki},
  booktitle={2016 Information Security for South Africa (ISSA)},
  pages={129--134},
  year={2016},
  organization={IEEE}
}
@inproceedings{bonneau2014mixcoin,
  title={Mixcoin: Anonymity for bitcoin with accountable mixes},
  author={Bonneau, Joseph and Narayanan, Arvind and Miller, Andrew and Clark, Jeremy and Kroll, Joshua A and Felten, Edward W},
  booktitle={International Conference on Financial Cryptography and Data Security},
  pages={486--504},
  year={2014},
  organization={Springer}
}
@article{weber2019anti,
  title={Anti-money laundering in bitcoin: Experimenting with graph convolutional networks for financial forensics},
  author={Weber, Mark and Domeniconi, Giacomo and Chen, Jie and Weidele, Daniel Karl I and Bellei, Claudio and Robinson, Tom and Leiserson, Charles E},
  journal={arXiv preprint arXiv:1908.02591},
  year={2019}
}
@incollection{herrera2014research,
  title={Research and challenges on bitcoin anonymity},
  author={Herrera-Joancomart{\'\i}, Jordi},
  booktitle={Data Privacy Management, Autonomous Spontaneous Security, and Security Assurance},
  pages={3--16},
  year={2014},
  publisher={Springer}
}
@book{krishna2019social,
  title={Social Network Forensics, Cyber Security, and Machine Learning},
  author={Krishna, P Venkata and Gurumoorthy, Sasikumar and Obaidat, Mohammad S},
  year={2019},
  publisher={Springer}
}
@inproceedings{jourdan2018characterizing,
  title={Characterizing entities in the bitcoin blockchain},
  author={Jourdan, Marc and Blandin, Sebastien and Wynter, Laura and Deshpande, Pralhad},
  booktitle={2018 IEEE International Conference on Data Mining Workshops (ICDMW)},
  pages={55--62},
  year={2018},
  organization={IEEE}
}
@article{foley2019sex,
  title={Sex, drugs, and bitcoin: How much illegal activity is financed through cryptocurrencies?},
  author={Foley, Sean and Karlsen, Jonathan R and Putni{\c{n}}{\v{s}}, T{\=a}lis J},
  journal={The Review of Financial Studies},
  volume={32},
  number={5},
  pages={1798--1853},
  year={2019},
  publisher={Oxford University Press}
}
@INPROCEEDINGS{massimo, author={M. {Bartoletti} and B. {Pes} and S. {Serusi}}, booktitle={2018 Crypto Valley Conference on Blockchain Technology (CVCBT)}, title={Data Mining for Detecting Bitcoin Ponzi Schemes}, year={2018}, volume={}, number={}, pages={75-84},} 
@mastersthesis{zayuelas2019detection,
  title={Detection of Bitcoin miners from network measurements},
  author={Zayuelas Mu{\~n}oz, Jordi},
  type={{B.S.} thesis},
  year={2019},
  school={Universitat Polit{\`e}cnica de Catalunya}
}
@article{gruber2013trust,
  title={Trust, identity and disclosure: Are bitcoin exchanges the next virtual havens for money laundering and tax evasion},
  author={Gruber, Sarah},
  journal={Quinnipiac L. Rev.},
  volume={32},
  pages={135},
  year={2013},
  publisher={HeinOnline}
}
@InProceedings{vasek,
author="Vasek, Marie
and Moore, Tyler",
editor="B{\"o}hme, Rainer
and Okamoto, Tatsuaki",
title="There's No Free Lunch, Even Using Bitcoin: Tracking the Popularity and Profits of Virtual Currency Scams",
booktitle="Financial Cryptography and Data Security",
year="2015",
publisher="Springer Berlin Heidelberg",
address="Berlin, Heidelberg",
pages="44--61",
isbn="978-3-662-47854-7"
}
@inproceedings{bistarelli2018suite,
  title={A suite of tools for the forensic analysis of bitcoin transactions: Preliminary report},
  author={Bistarelli, Stefano and Mercanti, Ivan and Santini, Francesco},
  booktitle={European Conference on Parallel Processing},
  pages={329--341},
  year={2018},
  organization={Springer}
}
@inproceedings{bogner2017seeing,
  title={Seeing is understanding: anomaly detection in blockchains with visualized features},
  author={Bogner, Andreas},
  booktitle={Proceedings of the 2017 ACM International Joint Conference on Pervasive and Ubiquitous Computing and Proceedings of the 2017 ACM International Symposium on Wearable Computers},
  pages={5--8},
  year={2017}
}
@inproceedings{kanemura2019identification,
  title={Identification of Darknet Marketsâ€™ Bitcoin Addresses by Voting Per-address Classification Results},
  author={Kanemura, Kota and Toyoda, Kentaroh and Ohtsuki, Tomoaki},
  booktitle={2019 IEEE International Conference on Blockchain and Cryptocurrency (ICBC)},
  pages={154--158},
  year={2019},
  organization={IEEE}
}
@article{liang2019bitcoin,
  title={Bitcoin Exchange Addresses Identification and Its Application in Online Drug Trading Regulation},
  author={Liang, Jiaqi and Li, Linjing and Luan, Shu and Gan, Lu and Zeng, Daniel},
  year={2019}
}
@article{zhangbitscope,
  title={BITSCOPE: Scaling Bitcoin Address De-anonymization using Multi-Resolution Clustering},
  author={Zhang, Zhen and Zhou, Tianyi and Xie, Zhitong}
}
@article{hu2019characterizing,
  title={Characterizing and Detecting Money Laundering Activities on the Bitcoin Network},
  author={Hu, Yining and Seneviratne, Suranga and Thilakarathna, Kanchana and Fukuda, Kensuke and Seneviratne, Aruna},
  journal={arXiv preprint arXiv:1912.12060},
  year={2019}
}
@inproceedings{gaihre2018bitcoin,
  title={Do bitcoin users really care about anonymity? an analysis of the bitcoin transaction graph},
  author={Gaihre, Anil and Luo, Yan and Liu, Hang},
  booktitle={2018 IEEE International Conference on Big Data (Big Data)},
  pages={1198--1207},
  year={2018},
  organization={IEEE}
}
@inproceedings{sabry2019anonymity,
  title={Anonymity and Privacy in Bitcoin Escrow Trades},
  author={Sabry, Farida and Labda, Wadha and Erbad, Aiman and Al Jawaheri, Husam and Malluhi, Qutaibah},
  booktitle={Proceedings of the 18th ACM Workshop on Privacy in the Electronic Society},
  pages={211--220},
  year={2019}
}
@inproceedings{yang2019abnormal,
  title={An Abnormal Transaction Detection Mechanim on Bitcoin},
  author={Yang, Lingxiao and Dong, Xuewen and Xing, Siyu and Zheng, Jiawei and Gu, Xinyu and Song, Xiongfei},
  booktitle={2019 International Conference on Networking and Network Applications (NaNA)},
  pages={452--457},
  year={2019},
  organization={IEEE}
}
@inproceedings{paquet2019spams,
  title={Spams meet Cryptocurrencies: Sextortion in the Bitcoin Ecosystem},
  author={Paquet-Clouston, Masarah and Romiti, Matteo and Haslhofer, Bernhard and Charvat, Thomas},
  booktitle={Proceedings of the 1st ACM Conference on Advances in Financial Technologies},
  pages={76--88},
  year={2019}
}
@InProceedings{10.1007/978-3-030-20074-9_13,
author="Zarpel{\~a}o, Bruno Bogaz
and Miani, Rodrigo Sanches
and Rajarajan, Muttukrishnan",
editor="Blazy, Olivier
and Yeun, Chan Yeob",
title="Detection of Bitcoin-Based Botnets Using a One-Class Classifier",
booktitle="Information Security Theory and Practice",
year="2019",
publisher="Springer International Publishing",
address="Cham",
pages="174--189",
isbn="978-3-030-20074-9"
}
@InProceedings{10.1007/978-3-030-38961-1_31,
author="Liu, Tengyu
and Ge, Jingguo
and Wu, Yulei
and Dai, Bowei
and Li, Liangxiong
and Yao, Zhongjiang
and Wen, Jifei
and Shi, Hongbin",
editor="Wen, Sheng
and Zomaya, Albert
and Yang, Laurence T.",
title="A New Bitcoin Address Association Method Using a Two-Level Learner Model",
booktitle="Algorithms and Architectures for Parallel Processing",
year="2020",
publisher="Springer International Publishing",
address="Cham",
pages="349--364",
isbn="978-3-030-38961-1"
}
@Inbook{Dasgupta2019,
author="Dasgupta, Kundan
and Rajasekhara Babu, M.",
title="A Review on Crypto-Currency Transactions Using IOTA (Technology)",
bookTitle="Social Network Forensics, Cyber Security, and Machine Learning",
year="2019",
publisher="Springer Singapore",
address="Singapore",
pages="67--81",
isbn="978-981-13-1456-8",
doi="10.1007/978-981-13-1456-8_6",
url="https://doi.org/10.1007/978-981-13-1456-8_6"
}
@InProceedings{chaeh,
author="Lee, Chaehyeon
and Maharjan, Sajan
and Ko, Kyungchan
and Hong, James Won-Ki",
editor="Zheng, Zibin
and Dai, Hong-Ning
and Tang, Mingdong
and Chen, Xiangping",
title="Toward Detecting Illegal Transactions on Bitcoin Using Machine-Learning Methods",
booktitle="Blockchain and Trustworthy Systems",
year="2020",
publisher="Springer Singapore",
address="Singapore",
pages="520--533",
isbn="978-981-15-2777-7"
}
@inproceedings{paardenkooper2019creating,
  title={Creating value for Small and Medium Enterprises with the logistic applications of blockchain},
  author={Paardenkooper, Klara},
  booktitle={International Conference on Digital Technologies in Logistics and Infrastructure (ICDTLI 2019)},
  year={2019},
  organization={Atlantis Press}
}
@article{hackius2020translating,
  title={Translating High Hopes Into Tangible Benefits: How Incumbents in Supply Chain and Logistics Approach Blockchain},
  author={Hackius, Niels and Petersen, Moritz},
  journal={IEEE access},
  volume={8},
  pages={34993--35003},
  year={2020},
  publisher={IEEE}
}
@article{perboli2018blockchain,
  title={Blockchain in logistics and supply chain: A lean approach for designing real-world use cases},
  author={Perboli, Guido and Musso, Stefano and Rosano, Mariangela},
  journal={IEEE Access},
  volume={6},
  pages={62018--62028},
  year={2018},
  publisher={IEEE}
}
@article{li2020research,
  title={Research on Key Technologies of Logistics Information Traceability Model Based on Consortium Chain},
  author={Li, Xiaofang and Lv, Furu and Xiang, Feng and Sun, Zhe and Sun, Zhixin},
  journal={IEEE Access},
  volume={8},
  pages={69754--69762},
  year={2020},
  publisher={IEEE}
}
@inproceedings{hackius2017blockchain,
  title={Blockchain in logistics and supply chain: trick or treat?},
  author={Hackius, Niels and Petersen, Moritz},
  booktitle={Digitalization in Supply Chain Management and Logistics: Smart and Digital Solutions for an Industry 4.0 Environment. Proceedings of the Hamburg International Conference of Logistics (HICL), Vol. 23},
  pages={3--18},
  year={2017},
  organization={Berlin: epubli GmbH}
}

@inproceedings{caro2018blockchain,
  title={Blockchain-based traceability in Agri-Food supply chain management: A practical implementation},
  author={Caro, Miguel Pincheira and Ali, Muhammad Salek and Vecchio, Massimo and Giaffreda, Raffaele},
  booktitle={2018 IoT Vertical and Topical Summit on Agriculture-Tuscany (IOT Tuscany)},
  pages={1--4},
  year={2018},
  organization={IEEE}
}

@inproceedings{kolb2019role,
  title={The Role of Blockchain in Enterprise Procurement.},
  author={Kolb, Julian and Becker, Luc and Fischer, Marcus and Winkelmann, Axel},
  booktitle={HICSS},
  pages={1--10},
  year={2019}
}

@article{chang2019exploring,
  title={Exploring blockchain technology in international trade},
  author={Chang, Shuchih Ernest and Chen, Yi-Chian and Wu, Tzu-Ching},
  journal={Industrial Management \& Data Systems},
  year={2019},
  publisher={Emerald Publishing Limited}
}

@article{chang2020blockchain,
  title={When Blockchain Meets Supply Chain: A Systematic Literature Review on Current Development and Potential Applications},
  author={Chang, Shuchih E and Chen, Yichian},
  journal={IEEE Access},
  volume={8},
  pages={62478--62494},
  year={2020},
  publisher={IEEE}
}

@article{maiti2019estimating,
  title={Estimating Service Quality in Industrial Internet-of-Things Monitoring Applications With Blockchain},
  author={Maiti, Ananda and Raza, Ali and Kang, Byeong Ho and Hardy, Lachlan},
  journal={IEEE Access},
  volume={7},
  pages={155489--155503},
  year={2019},
  publisher={IEEE}
}

@article{fu2019operation,
  title={Operation Mechanisms for Intelligent Logistics System: A Blockchain Perspective},
  author={Fu, Yonggui and Zhu, Jianming},
  journal={IEEE Access},
  volume={7},
  pages={144202--144213},
  year={2019},
  publisher={IEEE}
}

@article{yanwu,
author = {Wu, Yan and Luo, Anthony and Xu, Dianxiang},
year = {2019},
month = {12},
pages = {200895},
title = {Identifying suspicious addresses in Bitcoin thefts},
volume = {31},
journal = {Digital Investigation},
doi = {10.1016/j.fsidi.2019.200895}
}
@ARTICLE{yanwu1, author={Y. {Wu} and F. {Tao} and L. {Liu} and J. {Gu} and J. {Panneerselvam} and R. {Zhu} and M. N. {Shahzad}}, journal={IEEE Transactions on Network Science and Engineering}, title={A Bitcoin Transaction Network Analytic Method for Future Blockchain Forensic Investigation}, year={2020}, volume={}, number={}, pages={1-1},} 
@InProceedings{shao,
author="Shao, Wei
and Li, Hang
and Chen, Mengqi
and Jia, Chunfu
and Liu, Chunbo
and Wang, Zhi",
editor="Vaidya, Jaideep
and Li, Jin",
title="Identifying Bitcoin Users Using Deep Neural Network",
booktitle="Algorithms and Architectures for Parallel Processing",
year="2018",
publisher="Springer International Publishing",
address="Cham",
pages="178--192",
isbn="978-3-030-05063-4"
}

@INPROCEEDINGS{lihaonan, author={L. {Nan} and D. {Tao}}, booktitle={2018 IEEE Third International Conference on Data Science in Cyberspace (DSC)}, title={Bitcoin Mixing Detection Using Deep Autoencoder}, year={2018}, volume={}, number={}, pages={280-287},} 